# Project-specific bibliographic entries (i.e., those not in plume-bib)
